10400000         2000111111111110000100100000001200000001100000100000000Seller Mock                   C ECON FEDERAL                          11610201621560000000105000000                    REMESSA-PRODUCAO                                 
10400011R0100030 20000111111111111     0000000000000000001100000100000000Seller Mock                                                                                                   000000011610201600000000                                 
1040001300001P 0100001100000100000000000140000000000000011122011111111111    1610201600000000000010000000009N1610201611610201600000000000000211610201600000000000010000000000000000000000000000000011111111111/1            3001030090000000000 
1040001300002Q 011000011111111111FULL NAME                               FOO                                     SHHHH          88090000FLORIANOPOLIS  SC2000011111111111Seller Mock                                                            
1040001300003R 01000000000000000000000000000000000000000000000000000000000000000000000000                                                                                                                                                       
1040001300004P 0100001100000100000000000140000000000000011122011111111111    1610201600000000000010000000009N1610201611610201600000000000000211610201600000000000010000000000000000000000000000000011111111111/1            3001030090000000000 
1040001300005Q 011000011111111111FULL NAME                               FOO                                     SHHHH          88090000FLORIANOPOLIS  SC2000011111111111Seller Mock                                                            
1040001300006R 01000000000000000000000000000000000000000000000000000000000000000000000000                                                                                                                                                       
1040001300007P 0100001100000100000000000140000000000000011122011111111111    1610201600000000000010000000009N1610201611610201600000000000000211610201600000000000010000000000000000000000000000000011111111111/1            3001030090000000000 
1040001300008Q 011000011111111111FULL NAME                               FOO                                     SHHHH          88090000FLORIANOPOLIS  SC2000011111111111Seller Mock                                                            
1040001300009R 01000000000000000000000000000000000000000000000000000000000000000000000000                                                                                                                                                       
1040001300010P 0100001100000100000000000140000000000000011122011111111111    1610201600000000000010000000009N1610201611610201600000000000000211610201600000000000010000000000000000000000000000000011111111111/1            3001030090000000000 
1040001300011Q 011000011111111111FULL NAME                               FOO                                     SHHHH          88090000FLORIANOPOLIS  SC2000011111111111Seller Mock                                                            
1040001300012R 01000000000000000000000000000000000000000000000000000000000000000000000000                                                                                                                                                       
10400015         000014000004000000000000004000000000000000000000000000000000000000000000000                                                                                                                                                    
10499999         000001000016                                                                                                                                                                                                                   
